@article{Sawhney:2023:WoSt,
author = {Sawhney, Rohan and Miller, Bailey and Gkioulekas, Ioannis and Crane, Keenan},
title = {Walk on Stars: A Grid-Free Monte Carlo Method for PDEs with Neumann Boundary Conditions},
journal = {ACM Trans. Graph.},
volume = {XX},
number = {X},
year = {2023},
publisher = {ACM},
address = {New York, NY, USA},
}

@book{pharr2016physically,
  title={Physically based rendering: From theory to implementation},
  author={Pharr, Matt and Jakob, Wenzel and Humphreys, Greg},
  year={2016},
  publisher={Morgan Kaufmann}
}

@misc{Quilez:2020:SLS,
   title = {The SDF of a Line Segment},
   year = {2020},
   organization = {Youtube},
   author = {Inigo Quilez},
   url = {https://www.youtube.com/watch?v=PMltMdi1Wzg},
}

